@misc{nakamoto2008bitcoin,
  title={Bitcoin: A peer-to-peer electronic cash system},
  author={Satoshi Nakamoto},
  howpublished = "\url{https://bitcoin.org/bitcoin.pdf}",
  year={2008}
}

@misc{buterin2013whitepaper,
  author = {Vitalik Buterin},
  title = {Ethereum: A Next-Generation Smart Contract and Decentralized Application Platform},
  howpublished = "\url{https://github.com/ethereum/wiki/wiki/White-Paper}",
  year = {2013}
}

@article{buterin2016serenity,
  title={Serenity PoC2},
  author={Vitalik Buterin},
  howpublished = "\url{https://blog.ethereum.org/2016/03/05/serenity-poc2/}",
  year={2016}
}

@inproceedings{sasson2014zerocash,
  title={Zerocash: Decentralized anonymous payments from bitcoin},
  author={Sasson, Eli Ben and Chiesa, Alessandro and Garman, Christina and Green, Matthew and Miers, Ian and Tromer, Eran and Virza, Madars},
  booktitle={2014 IEEE Symposium on Security and Privacy},
  pages={459--474},
  year={2014},
  organization={IEEE}
}

@misc{randao,
  author = {Youcai Qian},
  title = {RANDAO},
  howpublished = "\url{https://github.com/randao/randao}",
  year = {2015}
}

@misc{parity,
  title={Parity Ethereum client},
  author={Parity},
  howpublished = "\url{https://parity.io}",
  year={2016}
}

@misc{nxt,
  title={Whitepaper: Nxt},
  author={Nxt community},
  howpublished = "\url{http://wiki.nxtcrypto.org/wiki/Whitepaper:Nxt}",
  year={2013}
}

@misc{bitshares,
  title={BitShares},
  author={Daniel Larimer},
  howpublished = "\url{http://docs.bitshares.org/bitshares/history.html}",
  year={2013}
}

@misc{snow2014factom,
  title={Factom: Business Processes Secured by Immutable Audit Trails on the Blockchain},
  author="Paul Snow and Brian Deery and Jack Lu and David Johnston and Peter Kirb",
  howpublished = "\url{https://raw.githubusercontent.com/FactomProject/FactomDocs/master/Factom_Whitepaper.pdf}",
  year={2014}
}

@misc{brown2016corda,
  title={Corda: An Introduction},
  author="Richard Gendal Brown and James Carlyle and Ian Grigg and Mike Hearn",
  howpublished = "\url{https://static1.squarespace.com/static/55f73743e4b051cfcc0b02cf/t/57bda2fdebbd1acc9c0309b2/1472045822585/corda-introductory-whitepaper-final.pdf}",
  year={2016}
}

@misc{kwon2016cosmos,
  title={Cosmos: A Network of Distributed Ledgers},
  author={Jae Kwon, Ethan Buchman},
  howpublished = "\url{https://github.com/cosmos/cosmos/blob/master/WHITEPAPER.md}",
  year={2016}
}

@misc{iota2016tangle,
  title={The tangle},
  author={Serguei Popov},
  howpublished = "\url{https://www.iotatoken.com/IOTA_Whitepaper.pdf}",
  year={2016}
}

@article{blockstream2014sidechains,
  title={Enabling Blockchain Innovations with Pegged Sidechains},
  author="Adam Back and Matt Corallo and Luke Dashjr and Mark Friedenbach and Gregory Maxwell and Andrew Miller and Andrew Poelstra and Jorge Timon and Pieter Wuille",
  howpublished = "\url{https://blockstream.com/technology/sidechains.pdf}",
  year={2014}
}

@article{buterin2016mauve,
  title={Ethereum 2.0 Mauve Paper},
  author={Vitalik Buterin},
  howpublished = "\url{http://vitalik.ca/files/mauve_paper.html}",
  year={2016}
}

@misc{kwon2014tendermint,
  title={TenderMint: Consensus without Mining},
  author={Jae Kwon},
  howpublished = "\url{http://tendermint.com/docs/tendermint.pdf}",
  year={2014}
}

@techreport{miller2016honey,
  title={The honey badger of BFT protocols},
  author={Miller, Andrew and Xia, Yu and Croman, Kyle and Shi, Elaine and Song, Dawn},
  year={2016},
  institution={Cryptology ePrint Archive 2016/199}
}

@misc{webassembly,
  author = {Various},
  title={WebAssembly},
  howpublished = "\url{http://webassembly.org/}",
  year={2016}
}

@inproceedings{ongaro2014search,
  title={In search of an understandable consensus algorithm},
  author={Ongaro, Diego and Ousterhout, John},
  booktitle={2014 USENIX Annual Technical Conference (USENIX ATC 14)},
  pages={305--319},
  year={2014}
}

@misc{copeland2016tangaroa,
  title={Tangaroa: a Byzantine Fault Tolerant Raft},
  author={Copeland, Christopher and Zhong, Hongxia},
  howpublished = "\url{http://www.scs.stanford.edu/14au-cs244b/labs/projects/copeland_zhong.pdf}",
  year={2016}
}

@misc{devp2p,
  title={DEVp2p Wire Protocol},
  author={Gavin Wood},
  howpublished = "\url{https://github.com/ethereum/wiki/wiki/libp2p-Whitepaper}",
  year={2014}
}

@inproceedings{bennett2002gnunet,
  title={Gnunet-a truly anonymous networking infrastructure},
  author={Bennett, Krista and Grothoff, Christian and Horozov, Tzvetan and Patrascu, Ioana and Stef, Tiberiu},
  booktitle={In: Proc. Privacy Enhancing Technologies Workshop (PET},
  year={2002},
  organization={Citeseer}
}

@misc{libp2p,
  author = {Various},
  title={The specs for libp2p and associated submodules.},
  howpublished = "\url{https://github.com/libp2p/specs}"
}

@misc{SoKMetaAnalysis,
  author = {Various},
  title={SoK: MetaAnalysis of Alternative Consensus Protocols for Blockchains},
  howpublished = "\url{https://github.com/Mechanism-Labs/MetaAnalysis-of-Alternative-Consensus-Protocols}"
}

@inproceedings{kademlia,
  title={Kademlia: A Peer-to-peer Information System Based on the XOR Metric},
  author={Maymounkov, Petar and Mazi\`eres, David},
  booktitle={IPTPS '01 Revised Papers from the First International Workshop on Peer-to-Peer Systems},
  pages={53-65},
  year={2002}
}

@inproceedings{OM:2008,
	 author = {Oltean, Mihai and Muntean, Oana},
	 title = {Solving {NP}-Complete Problems with Delayed Signals: An Overview of Current Research Directions},
	 booktitle = {Proceedings of the 1st international workshop on Optical SuperComputing},
	 series = {OSC '08},
	 year = {2008},
	 isbn = {978-3-540-85672-6},
	 location = {Vienna, Austria},
	 pages = {115--127},
	 numpages = {13},
	 url = {http://dx.doi.org/10.1007/978-3-540-85673-3_10},
	 doi = {http://dx.doi.org/10.1007/978-3-540-85673-3_10},
	 acmid = {1429851},
	 publisher = {Springer-Verlag},
	 address = {Berlin, Heidelberg},
	 keywords = {NP-complete, delay lines, optical computing, signal-based computing, unconventional computing}
}

@article{Aaronson:2005,
	 author = {Aaronson, Scott},
	 title = {Guest Column: {NP}-complete problems and physical reality},
	 journal = {SIGACT News},
	 volume = {36},
	 issue = {1},
	 month = {March},
	 year = {2005},
	 issn = {0163-5700},
	 pages = {30--52},
	 numpages = {23},
	 url = {http://doi.acm.org/10.1145/1052796.1052804},
	 doi = {http://doi.acm.org/10.1145/1052796.1052804},
	 acmid = {1052804},
	 publisher = {ACM},
	 address = {New York, NY, USA}
} 

@book{Garey:1979,
	 author = {Garey, Michael R. and Johnson, David S.},
	 title = {Computers and Intractability: A Guide to the Theory of {NP}-Completeness},
	 year = {1979},
	 isbn = {0716710447},
	 publisher = {W. H. Freeman \& Co.},
	 address = {New York, NY, USA}
}

@article{Brun:2008,
	 author = {Brun, Yuriy},
	 title = {Solving {NP}-complete problems in the tile assembly model},
	 journal = {Theor. Comput. Sci.},
	 volume = {395},
	 issue = {1},
	 month = {April},
	 year = {2008},
	 issn = {0304-3975},
	 pages = {31--46},
	 numpages = {16},
	 url = {http://portal.acm.org/citation.cfm?id=1354933.1355014},
	 doi = {10.1016/j.tcs.2007.07.052},
	 acmid = {1355014},
	 publisher = {Elsevier Science Publishers Ltd.},
	 address = {Essex, UK},
	 keywords = {Crystal-growth, Distributed computing, Molecular computation, NP-complete, Natural computation, Nondeterministic computation, Parallel computing, Self-assembly, SubsetSum, Tile assembly model}
} 

@misc{ wiki:np-complete,
   author = "Wikipedia",
   title = "{NP}-complete --- {Wikipedia, The Free Encyclopedia}",
   year = "2013",
   url = "http://en.wikipedia.org/w/index.php?title=NP-complete&oldid=572331965",
   note = "[Online; accessed 20-September-2013]"
 }
 
@misc{SoKMetaAnalysis,
  author = "Various",
  title={SoK: MetaAnalysis of Alternative Consensus Protocols for Blockchains},
  howpublished = "\url{https://github.com/Mechanism-Labs/MetaAnalysis-of-Alternative-Consensus-Protocols}"
}

@misc{coinmkt,
  name = {Coin Market Cap},
  howpublished = "\url{https://coinmarketcap.com/all/views/all/}",
  year = {2017},
  month = {02}
}

@misc{gox,
  author = "Various",
  title = {Wikipedia: Mt. Gox},
  howpubliashed = "\url{https://en.wikipedia.org/wiki/Mt.Gox}",
  year - {2019}
  }

@misc{shapeshift,
  author = "Various",
  title = {A Timeline: ShapeShift Hacking Incident},
  howpublished = "\url{https://info.shapeshift.io/blog/2016/04/19/timeline-shapeshift-hacking-incident}",
  year = {2017},
  }

@misc{ww1,
  author = {Will Warren},
  title = {The difference between App Coins and Protocol Tokens},
  howpubliashed = "\url{https://medium.com/@willwarren89/the-difference-between-app-coins-and-protocol-tokens-7281a428348c#.s98pjbf1o}",
  year = {2017},
  }

@misc{augur,
  author = {Augur},
  title={Augur},
  howpublished = "\url{https://augur-dev.firebaseapp.com/}",
  year = {2019},
  month = {09}
  }

@misc{abcispec,
  author = {Tendermint},
  title = {Tendermint Application Blockchain Interface Specification},
  howpublished = "\url{https://tendermint.com/docs/spec/abci/abci.html}"
  }

@misc{PaypalTPS,
  author = {Various},
  title = "5 Things PayPal Holdings Inc Wants You to Know.",
  howpublished = "\url{https://www.fool.com/investing/general/2016/02/04/5-things-paypal-holdings-inc-wants-you-to-know.aspx}",
  note = "Accessed: 2019-09-18",
  }

@misc{VisaTPS,
  author = {Various},
  title = {Visa Inc. at a Glance.},
  howpublished = "\url{https://usa.visa.com/dam/VCOM/download/corporate/media/visa-fact-sheet-Jun2015.pdf}",
  note = {Accessed: 2019-09-18},
}

@misc{libra,
  author = {Various},
  title = {Libra White Paper},
  howpubliashed = "\url{https://developers.libra.org/docs/assets/papers/the-libra-blockchain.pdf}",
  note = {Code repository: https://github.com/libra/libra}
  }

@misc{ 
    coinmarketcap,
    title = {{coinmarketcap}},
    howpublished = {\url{https://coinmarketcap.com/all/views/all/},
    note = {Accessed: 2017-02-016}
}

@misc{ 
    gox,
    title = {{Wikipedia: Mt. Gox}},
    howpublished = {\href{https://en.wikipedia.org/wiki/Mt.Gox}{https://en.wikipedia.org/wiki/Mt.Gox}},
    note = {Accessed: 2017-02-016}
}

@misc{ 
    shapeshift,
    title = {{A Timeline: ShapeShift Hacking Incident}},
    howpublished = {\href{https://info.shapeshift.io/blog/2016/04/19/timeline-shapeshift-hacking-incident}{https://info.shapeshift.io/blog/2016/04/19/timeline-shapeshift-hacking-incident}},
    note = {Accessed: 2017-02-016}
}

@misc{ 
    maker,
    title = {{Maker Market}},
    howpublished = {\href{https://mkr.market/}{https://mkr.market/}},
    note = {Accessed: 2017-02-01}
}

@misc{ 
    etheropt,
    title = {{EtherOpt}},
    howpublished = {\href{https://etheropt.github.io/}{https://etheropt.github.io/}},
    note = {Accessed: 2017-02-01}
}

@misc{ 
    augur,
    title = {{Augur}},
    howpublished = {\href{https://augur-dev.firebaseapp.com/}{https://augur-dev.firebaseapp.com/}},
    note = {Accessed: 2017-02-01}
}

@misc{ 
    idex,
    title = {{IDEX, Decentralized Capital}},
    howpublished = {\href{http://www.idex.market/}{http://www.idex.market/}},
    note = {Accessed: 2017-02-01}
}

@misc{ 
    etherdelta,
    title = {{EtherDelta}},
    howpublished = {\href{https://etherdelta.github.io/}{https://etherdelta.github.io/}},
    note = {Accessed: 2017-02-01}
}

@misc{ 
    itt,
    title = {{Intrinsically Tradable Tokens}},
    howpublished = {\href{https://www.reddit.com/r/update_url_comments}},
    note = {Accessed: 2017-02-01}
}

%  howpublished = {\href{https://www.reddit.com/r/ethereum/comments/5g0s8n/for_review_intrinsically_tradable_tokens_itts_are/}},

@misc{ 
    github-compuglobal,
    title = {{CompuGlobalHyperMegaCorp's Github}},
    howpublished = {\href{https://github.com/compuglobalhypermegacorp}},
    note = {Accessed: 2019-09-28}
}

@misc{ 
    euler,
    title = {{Euler}},
    howpublished = {\url{https://www.reddit.com/r/ethereum/comments/54l32y/euler_the_simplest_exchange_and_currency/}},
    note = {Accessed: 2017-02-01}
}

@misc{ 
    raidex,
    title = {{RaidEX}},
    howpublished = {\href{http://www.raidex.io/}{http://www.raidex.io/}},
    note = {Accessed: 2017-02-014}
}

@misc{ 
    jcoleman,
    title = {{State Channels}},
    author = {Jeff Coleman},
    howpublished = {\href{http://www.jeffcoleman.ca/state-channels/}{http://www.jeffcoleman.ca/state-channels/}},
    note = {Accessed: 2017-02-014}
}

@misc{ 
    ledger,
    title = {{Ledger Labs: State Channels Wiki}},
    howpublished = {\href{https://github.com/ledgerlabs/state-channels/wiki}{https://github.com/ledgerlabs/state-channels/wiki}},
    note = {Accessed: 2017-02-014}
}

@misc{
    fe1, 
    author = {Fred Ehrsam}, 
    title = {{App Coins and the dawn of the Decentralized Business Model}}, 
    howpublished = {\href{https://blog.coinbase.com/app-coins-and-the-dawn-of-the-decentralized-business-model-8b8c951e734f#.p1c3mywec}{https://blog.coinbase.com}}, 
    year = 2016, 
}

@misc{
    fe2, 
    author = {Fred Ehrsam}, 
    title = {{How to Raise Money on a Blockchain with a Token}}, 
    howpublished = {\href{https://blog.gdax.com/how-to-raise-money-on-a-blockchain-with-a-token-510562c9cdfa#.311czaja1}{https://blog.gdax.com}}, 
    year = 2016, 
}

@misc{
    ww1, 
    author = {Will Warren}, 
    title = {{The difference between App Coins and Protocol Tokens}}, 
    howpublished = {\href{https://medium.com/@willwarren89/the-difference-between-app-coins-and-protocol-tokens-7281a428348c#.s98pjbf1o}{https://medium.com/@willwarren89}}, 
    year = 2017, 
}

@article{othman2013practical,
  title={A practical liquidity-sensitive automated market maker},
  author={Othman, Abraham and Pennock, David M and Reeves, Daniel M and Sandholm, Tuomas},
  journal={ACM Transactions on Economics and Computation},
  volume={1},
  number={3},
  pages={14},
  year={2013},
  publisher={ACM}
}

@article{bancor,
  title={Bancor Protocol: A Hierarchical Monetary System and the Foundation of a Global Decentralized Autonomous Exchange},
  author={Guy Benartzi, Eyal Hertzog, Galia Benartzi},
  year={2017}
}
@article{1,
	author = "MIT Technology Review and Vigilant",
	day = "7",
	journal = "MIT Technology Review",
	month = oct,
	title = "{Navigating Planet Ad Tech: A Guide for Marketers}",
	url = "https://www.technologyreview.com/s/519991/navigating-planet-ad-tech/",
	year = "2013"
}

@book{2,
	author = "T. H.; Beck J. C. Davenport",
	isbn = "978-1578514410",
	publisher = "Harvard Business School Press",
	title = "{The Attention Economy: Understanding the New Currency of Business}",
	year = "2001"
}

@misc{3,
	author = "Wikipedia",
	note = "[Online; accessed 22-January-2017]",
	title = "{AIDA (marketing)}",
	url = "https://en.wikipedia.org/wiki/AIDA_(marketing)",
	year = "2017"
}

@article{4,
	author = "Jack Neff",
	day = "29",
	journal = "Advertising Age",
	month = jan,
	title = "{P\&{G} Tells Digital to Clean Up, Lays Down New Rules for Agencies and Ad Tech to Get Paid}",
	url = "http://adage.com/article/media/p-g-s-pritchard-calls-digital-grow-up-new-rules/307742/",
	year = "2017"
}

@article{5,
	author = "Paul Sholtz",
	journal = "First Monday",
	month = may,
	number = "5",
	title = "{Transaction Costs and the Social Costs of Online Privacy}",
	url = "http://firstmonday.org/issues/issue6_5/sholtz/index.html",
	volume = "6",
	year = "2001"
}

@article{6,
	author = "Lee Rainie",
	journal = "Pew Research Center FactTank",
	month = sep,
	title = "{The state of privacy in post-Snowden America}",
	url = "http://www.pewresearch.org/fact-tank/2016/09/21/the-state-of-privacy-in-america/",
	year = "2016"
}

@misc{7,
	author = "Margaret Boland",
	journal = "Business Insider",
	note = "[Online; accessed 22-January-2017]",
	title = "{Cyber criminals are stealing billions from the ad industry each year}",
	url = "http://www.businessinsider.com/the-ad-fraud-report-bot-traffic-2016-3",
	year = "2016"
}

@article{8,
	author = "Hillary Tuttle",
	day = "4",
	journal = "Risk Management Monitor",
	month = aug,
	title = "{The Rise of Malvertising}",
	url = "http://www.riskmanagementmonitor.com/the-rise-of-malvertising/",
	year = "2015"
}

@article{9,
	author = "Rob Leathern",
	day = "4",
	journal = "Medium",
	month = oct,
	title = "{Carriers are Making More From Mobile Ads than Publishers Are}",
	url = "https://medium.com/@robleathern/carriers-are-making-more-from-mobile-ads-than-publishers-are-d5d3c0827b39\#.aiw3hs4ls",
	year = "2015"
}

@misc{10,
	author = "eMarketer",
	month = jun,
	note = "[Online; accessed 22-January-2017]",
	title = "{US Ad Blocking to Jump by Double Digits This Year}",
	url = "https://www.emarketer.com/Article/US-Ad-Blocking-Jump-by-Double-Digits-This-Year/1014111",
	year = "2016"
}

@techreport{11,
	author = "Interactive Advertising Bureau",
	title = "{Ad Blocking: Who Blocks Ads, Why and How to Win Them Back}",
	url = "http://www.iab.com/wp-content/uploads/2016/07/IAB-Ad-Blocking-2016-Who-Blocks-Ads-Why-and-How-to-Win-Them-Back.pdf",
	year = "2016",
        institution="{Interactive Advertising Bureau}"

}

@article{12,
	author = "Mathew Ingram",
	day = "4",
	journal = "Fortune",
	month = jan,
	title = "{How Google and Facebook Have Taken Over the Digital Ad Industry}",
	url = "http://fortune.com/2017/01/04/google-facebook-ad-industry/",
	year = "2017"
}

@article{13,
	author = "S. Myers R. Pass {S. Hohenberger} and A. Shelat",
	journal = "IEEE Security and Privacy",
	number = "2",
	pages = "22--29",
	title = "{An Overview of ANONIZE: A Large-Scale Anonymous Survey System}",
	volume = "13",
	year = "2015"
}

@article{14,
	author = "Abhi Shelat {Rafael Pass}",
	isbn = "978-1-4503-3832-5",
	journal = "CCS '15: Proceedings of the 22Nd ACM SIGSAC Conference on Computer and Communications Security",
	location = "Denver, Colorado, USA",
	pages = "207--218",
	publisher = "ACM",
	title = "{Micropayments for Decentralized Currencies}",
	year = "2015"
}

@article{15,
	author = "Matthew D. Green Jingcheng Liu Ian Miers Peihan Miao Pratyush Mishra {Alessandro Chiesa}",
	journal = "EUROCRYPT 2017 (36th International Conference on the Theory and Applications of Cryptographic Techniques)",
        year= "2017",
	title = "{Decentralized Anonymous Micropayments}"
}

@article{16,
	author = "Ian Miers {Matthew Green}",
	journal = "IACR Cryptology ePrint Archive 2016",
	title = "{Bolt: Anonymous Payment Channels for Decentralized Currencies}",
	year = "2016"
}

@article{17,
	author = "Jens Groth",
	journal = "Proceedings of the16th International Conference on the Theory and Application of Cryptology and Information Security,ASIACRYPT {\rq}10",
	pages = "321--340",
	title = "{Short pairing-based non-interactive zero-knowledge arguments}",
	year = "2010"
}

@article{18,
	author = "Iddo Ben-Tov Alessandro Chiesa Ariel Gabizon Daniel Genkin Matan Hamilis Evgenya Pergament Michael Riabzev Mark Silberstein Eran Tromer Eli Ben-Sasson and Madars Virza",
	journal = "EUROCRYPT 2017 (36th International Conference on the Theory and Applications of Cryptographic Techniques)",
	title = "{Computational integrity with a public random string from quasi-linear PCPs}",
	year = "2017"
}

@misc{19,
	author = "Reed Hundt",
	day = "12",
	month = feb,
	title = "{Statement of Reed Hundt, Chairman of the Federal Communications Commission on Spectrum Policy Management before the Subcommittee on Telecommunications, Trade and user Protection, Committee on Commerce, U.S. House of Representatives}",
	url = "https://transition.fcc.gov/Speeches/Hundt/spreh743.html",
	year = "1997"
}

@article{20,
	author = "J. Callen V. Aivazian",
	issue = "1",
	journal = "Journal of Law and Economics",
	pages = "175--181",
	title = "{The Coase Theorem and the Empty Core}",
	volume = "24",
	year = "1981"
}

@techreport{22,
	author = "Wilko Bolt and Maarten van Oordt",
	day = "20",
	institution = "Bank of Canada",
	month = apr,
	number = "Working Paper No. 2016-42",
	title = "{On the Value of Virtual Currencies}",
	year = "2016"
}

@techreport{SocMed,
      title="{Social, Search and Direct: Pathways to Digital News}",
      institution="{Pew Research Center}",
      month=mar,
      day="13",
      year="2014",
      author="Amy Mitchell, Mark Jurkowitz and Kenneth Olmstead",
url="http://www.journalism.org/2014/03/13/social-search-direct/"
}


@techreport{DCN,
      title="{DCN’s Distributed Content Revenue Benchmark Report}",
      institution="{Digital Content Next}",
      month=jan,
      day="25",
      year="2017",
      author="Digital Content Next Research Team",
url="https://digitalcontentnext.org/blog/2017/01/25/dcns-distributed-content-revenue-benchmark-report/"
}

@misc{WithoutValue,
	author = "YouExec",
	note = "[Online; accessed 22-January-2017]",
	title = "{Google \& Facebook ad traffic is 90\% useless}",
	url = "https://youexec.com/dev/2017/1/14/google-facebook-ads-traffic-is-useless",
	year = "2017",
        month = jan
}

@techreport{Gartner1,
      title="{Gartner CMO Spend Survey 2016-2017 Shows Marketing Budgets Continue to Climb}",
      institution="{Gartner Research}",
      month=dec,
      day="12",
      year="2016",
      author="Chris Pemberton",
url="https://www.gartner.com/smarterwithgartner/gartner-cmo-spend-survey-2016-2017-shows-marketing-budgets-continue-to-climb/"
}


@techreport{Econsul,
      title="{40\% of publishers describe their digital ad revenue as shrinking or static}",
      institution="{Econsultancy}",
      month=oct,
      day="7",
      year="2015",
      author="Jack Simpson",
url="https://econsultancy.com/blog/67028-40-of-publishers-describe-their-digital-ad-revenue-as-shrinking-or-static/"
}

@misc{PubClient,
     title="Github discussion of concave score",
     month=may,
     day="25",
     year="2016",
     author="Dimitri DeFigueiredo",
     url="https://github.com/brave/ledger/issues/2#issuecomment-221752002"
}
@misc{aicoin,
  title = {{AI Coin}},
  howpublished = {\url{http://www.ai-coin.org}},
}

@misc{andreesen2014bitcoin,
  title = {{Why Bitcoin Matters}},
  howpublished = {\url{http://dealbook.nytimes.com/2014/01/21/why-bitcoin-matters}},
  author = {M. Andreesen},
  month = {January},
  year = {2014},
  note = {New York Times}
}

@article{arpanet_and_nuclear_war,
  author = {Cade Metz},
  title = {{Paul Baran, the link between nuclear war and the internet}},
  journal = {WIRED},
  year = {2012},
  month = {September},
  note = {\url{https://www.wired.co.uk/article/h-bomb-and-the-internet}}
}

@inproceedings{aublin2013rbft,
  title = {{RBFT: Redundant Byzantine Fault Tolerance}},
  note = {\url{http://www.computer.org/csdl/proceedings/icdcs/2013/5000/00/5000a297.pdf}},
  author={Aublin, Pierre-Louis and Ben Mokhtar, Sonia and Qu{\'e}ma, Vivien},
  booktitle={Distributed Computing Systems (ICDCS), 2013 IEEE 33rd International Conference on},
  pages={297--306},
  year={2013},
  organization={IEEE}
}

@TechReport{back2002hashcash,
 author = {A. Back},
 title = {Hashcash - A Denial of Service Counter-Measure},
 year = {2002},
 month = {August},
 note = {technical report},
}

@TechReport{back2010sidechains,
 author = {A. Back},
 title = {Enabling Blockchain Innovations with Pegged Sidechains},
 note = {\url{http://www.blockstream.com/sidechains.pdf}},
 year = {2010},
 month = {October},
}

@misc{backfeed,
  title = {{Backfeed}},
  howpublished = {\url{http://backfeed.cc}},
}

@misc{dnshistory,
  title = {{Brief History of the Domain Name System}},
  howpublished = {\url{http://cyber.law.harvard.edu/icann/pressingissues2000/briefingbook/dnshistory.html}},
  author = {Berkman Center for Internet and Society},
  year = {2000},
  note = {Harvard}
}

@misc{berners1989information_mgmnt,
  title = {{Information Management: A Proposal}},
  howpublished = {\url{http://www.w3.org/History/1989/proposal.html}},
  author = {T. Berners-Lee},
  year = {1989},
  note = {World Wide Web Consortium}
}

@misc{bigchaindb_doc,
  title = {{BigchainDB Documentation}},
  howpublished = {\url{https://docs.bigchaindb.com/en/latest/index.html}}
}

@misc{bigchaindb_drivers_clients,
  title = {{BigchainDB Drivers \& Clients}},
  howpublished = {\url{https://docs.bigchaindb.com/projects/server/en/latest/drivers-clients/index.html}}
}

@misc{bigchaindb_http_api,
  title = {{BigchainDB HTTP API}},
  howpublished = {\url{https://docs.bigchaindb.com/projects/server/en/latest/http-client-server-api.html}}
}

@misc{bigchaindb_prod_nodes,
  title = {{BigchainDB Production Nodes (Documentation)}},
  howpublished = {\url{https://docs.bigchaindb.com/projects/server/en/latest/production-nodes/index.html}}
}

@misc{bigchaindb_python_driver,
  title = {{BigchainDB Python Driver}},
  howpublished = {\url{https://docs.bigchaindb.com/projects/py-driver/en/latest/index.html}}
}

@misc{bigchaindb_roadmap,
  title = {{BigchainDB Roadmap}},
  howpublished = {\url{https://github.com/bigchaindb/org/blob/master/ROADMAP.md}}
}

@misc{bigchaindb_server_quickstart,
  title = {{BigchainDB Server Quickstart}},
  howpublished = {\url{https://docs.bigchaindb.com/projects/server/en/latest/quickstart.html}}
}

@misc{bigchaindb_websocket_api,
  title = {{BigchainDB WebSocket Event Stream API}},
  howpublished = {\url{https://docs.bigchaindb.com/projects/server/en/latest/websocket-event-stream-api.html}}
}

@misc{bigchaindb_whitepaper,
  title = {{BigchainDB Whitepaper}},
  howpublished = {\url{https://www.bigchaindb.com/whitepaper/}}
}

@misc{bitcoin2015capacity,
  title = {{Bitcoin Capacity Increases FAQ}},
  howpublished = {\url{https://bitcoincore.org/en/2015/12/23/capacity-increases-faq/}},
  author = {Bitcoin Core},
  month = {December},
  year = {2015},
}

@misc{bitcoin-blocksize,
  title = {{Block size limit controversy}},
  howpublished = {\url{https://en.bitcoin.it/wiki/Block_size_limit_controversy}},
  author = {Bitcoin Wiki},
}

@misc{bitcoin2015pos,
  title = {{Proof of Stake}},
  howpublished = {\url{https://en.bitcoin.it/wiki/Proof_of_Stake}},
  author = {Bitcoin Wiki},
  year = {2015},
}

@misc{bitcoin2015scalability,
  title = {{Scalability}},
  howpublished = {\url{https://en.bitcoin.it/wiki/Scalability}},
  author = {Bitcoin Wiki},
  year = {2015},
}

@misc{bitcoin2015fees,
  title = {{Transaction Fees}},
  howpublished = {\url{https://en.bitcoin.it/wiki/Transaction_fees}},
  author = {Bitcoin Wiki},
  year = {2015},
}

@misc{bitcoin_tx_fees_2017,
  title = {{Bitcoin Transaction Fees Are Up More Than 1200\% in Past Two Years}},
  howpublished = {\url{https://news.bitcoin.com/bitcoin-transaction-fees-1200-past-two-years/}},
  author = {Justin Connell},
  year = {2017},
  month = {February}
}

@misc{bitnodes2015bitcoin_network_size,
  title = {Estimate of the size of the Bitcoin network},
  howpublished = {\url{https://getaddr.bitnodes.io/}},
  author = {Bitnodes},
  year = {2015},
}

@misc{trust-wallet-ios,
  title = {Trust - Ethereum Wallet and Web3 DApp Browser for iOS},
  howpublished = {\url{https://github.com/trustwallet/trust-wallet-ios}},
  author = {Trust Wallet},
  year = {2018}
}

@misc{github-binance,
    title = {Binance's Exchange API},
    howpublished = {\url{https://github.com/binance-exchange/binance-official-api-docs}},
    author = {Binance},
    year = {2019}
}

@misc{rocket2018snowflake,
  title={Snowflake to avalanche: A novel metastable consensus protocol family for cryptocurrencies},
  author={Rocket, Team},
  year={2018},
  publisher={IPFS}
}

@misc{bitsmith2014hyperledger,
  title = {{Dan O’Prey talks Hyperledger}},
  howpublished = {\url{http://www.thecoinsman.com/2014/08/decentralization/dan-oprey-talks-hyperledger/}},
  author = {Bitsmith},
  year = {2014},
  month = {August}
}

@misc{blockchaininfo2015blockchain_size,
  title = {{Blockchain size}},
  howpublished = {\url{https://blockchain.info/charts/blocks-size}},
  author = {Blockchain.info},
  year = {2015},
  month = {December, 30th}
}

@misc{blockchaininfo2015transaction_fees,
  title = {{Total transaction fees}},
  howpublished = {\url{https://server2.blockchain.info/charts/transaction-fees}},
  author = {Blockchain.info},
  year = {2015},
  month = {December, 30th}
}

@misc{bluestone2014sony_hack,
  title = {{Sony Offline After Hackers Stole Passwords, Threatened Blackmail: Report}},
  howpublished = {\url{}http://bit.ly/2kWsVtm}},%{\url{http://gawker.com/sony-goes-offline-after-widespread-hack-by-potential-bl-1662893066}},
  author = {G. Bluestone},
  year = {2014},
  month = {November, 24th}
}

@inproceedings{burrows2006chubby,
  title = {{The Chubby Lock Service for Loosely-Coupled Distributed Systems}},
  note = {\url{http://static.googleusercontent.com/media/research.google.com/en//archive/chubby-osdi06.pdf}},
  month = {November},
  booktitle = {OSDI'06, Proceedings of the 7th symposium on Operating systems design and implementation, Seattle, WA},
  author={Burrows, Mike},
  pages={335--350},
  year={2006},
  organization={USENIX Association}
}

@misc{buterin-ethereum,
  title = {{Ethereum White Paper: A Next Generation Smart Contract \& Decentralized Application Platform}},
  howpublished = {\url{http://blog.lavoiedubitcoin.info/public/Bibliotheque/EthereumWhitePaper.pdf}},
  author = {Buterin, Vitalik},
}

@misc{buterin2014slasher,
  title = {{Slasher: A Punitive Proof-of-Stake Algorithm}},
  howpublished = {\url{https://blog.ethereum.org/2014/01/15/slasher-a-punitive-proof-of-stake-algorithm/}},
  author = {Buterin, Vitalik},
  year = {2014},
  month = {January, 15th}
}

@misc{buterin2014slasher_ghost,
  title = {{Slasher Ghost, and other Developments in Proof of Stake}},
  howpublished = {\url{https://blog.ethereum.org/2014/10/03/slasher-ghost-developments-proof-stake/}},
  author = {Buterin, Vitalik},
  year = {2014},
  month = {October, 3th}
}

@misc{buterin2014hypercubes,
  title = {{Scalability, Part 2: Hypercubes}},
  howpublished = {\url{https://blog.ethereum.org/2014/10/21/scalability-part-2-hypercubes/}},
  author = {Buterin, Vitalik},
  year = {2014},
  month = {October, 21st}
}

@misc{cassandra,
  title = {{The Apache Cassandra Project}},
  howpublished = {\url{https://cassandra.apache.org}},
}

@inproceedings{castro1999practical,
  title = {{Practical Byzantine fault tolerance}},
  author = {Castro, Miguel and Liskov, Barbara},
  booktitle = {Proceedings of the Third Symposium on Operating Systems Design and Implementation},
  volume = {99},
  pages = {173--186},
  year = {1999},
  month = {February}
}

@PhdThesis{castro2001byzantine,
  title = {{Practical Byzantine Fault Tolerance}},
  note = {\url{http://research.microsoft.com/en-us/um/people/mcastro/publications/thesis.pdf}},
  author = {M. Castro},
  year = {2001},
  school = {MIT},
}

@inproceedings{clement2009making,
  title = {{Making Byzantine fault tolerant systems tolerate Byzantine faults}},
  note = {\url{https://www.usenix.org/legacy/event/nsdi09/tech/full_papers/clement/clement.pdf}},
  author={Clement, Allen and Wong, Edmund L and Alvisi, Lorenzo and Dahlin, Michael and Marchetti, Mirco},
  booktitle={NSDI},
  volume={9},
  pages={153--168},
  year={2009},
  month = {November}
}

@article{cockcroft2011benchmarking,
  title = {{Benchmarking Cassandra Scalability on AWS – Over a million writes per second}},
  note = {\url{http://techblog.netflix.com/2011/11/benchmarking-cassandra-scalability-on.html}},
  author={Cockcroft, Adrian and Sheahan, Denis},
  year={2011}
}

@article{copeland2014tangaroa,
  title = {{Tangaroa: a Byzantine Fault Tolerant Raft}},
  note = {\url{http://www.scs.stanford.edu/14au-cs244b/labs/projects/copeland_zhong.pdf}},
  author = {C. Copeland and H. Zhong},
  year = {2014},
  month = {August},
  school = {Stanford Computer Science Department}
}


@misc{cryptonite,
  title = {{Cryptonite}},
  howpublished = {\url{http://cryptonite.info/}}
}

@misc{dejonghe_spool,
  title = {{SPOOL Protocol}},
  howpublished = {\url{https://github.com/ascribe/spool}},
  author = {De Jonghe, Dimitri and McConaghy, Trent}
}

@book{doctorow2003down,
  title={{Down and Out in the Magic Kingdom}},
  note = {\url{http://www.amazon.com/Down-Magic-Kingdom-Cory-Doctorow/dp/076530953X}},
  author={Doctorow, Cory},
  month = {February},
  year={2003},
  publisher={Macmillan}
}

@incollection{douceur2002sybil,
  title={{The Sybil Attack}},
  author={Douceur, John R},
  booktitle={Peer-to-peer Systems},
  pages={251--260},
  year={2002},
  publisher={Springer},
  note = {\url{http://research.microsoft.com/pubs/74220/IPTPS2002.pdf}}
}

@inproceedings{driscoll1983multi,
  title={Multi-MicroProcessor Flight Control System},
  author={Driscoll, Kevin and Papadopoulis, G and Nelson, S and Hartmann, G and Ramohalli, G},
  booktitle={Proceedings of the IEEE/AIAA 5th Digital Avionics Systems Conference, Institute of Electrical and Electronic Engineers, New York, NY},
  year={1983}
}

@misc{lighteningnetworks,
  title = {"The Bitcoin Lightning Network”: Paper (PDF) DRAFT Version 0.5.9.1},
  howpublished = {\url{https://github.com/lightningnetwork/lnd},
  }

@misc{ed25519,
  title = {{Ed25519: high-speed high-security signatures}},
  howpublished = {\url{https://ed25519.cr.yp.to/}},
}

@misc{ed25519-users,
  title = {{Thins that use Ed25519}},
  howpublished = {\url{https://ianix.com/pub/ed25519-deployment.html}}
}

@misc{elasticsearch,
  title = {{ElasticSearch}},
  howpublished = {\url{https://www.elastic.co/products/elasticsearch}},
}

@misc{enigma,
  title = {{Enigma}},
  howpublished = {\url{http://enigma.media.mit.edu/}},
}

@misc{eris,
  title = {{Eris Industries}},
  howpublished = {\url{http://erisindustries.com/}},
}

@misc{ethereum,
  title = {{Ethereum}},
  howpublished = {\url{https://ethereum.org/}},
}

@inproceedings{eyal2015bitcoin,
  title={{Bitcoin-NG: A Scalable Blockchain Protocol}},
  author={Eyal, Ittay and Gencer, Adem Efe and Sirer, Emin Gun and van Renesse, Robbert},
  note = {\url{http://diyhpl.us/~bryan/papers2/bitcoin/Bitcoin-NG:%20A%20scalable%20blockchain%20protocol.pdf}},
  booktitle={NSDI},
  year={2016}
}

@misc{factom,
  title = {{Factom}},
  howpublished = {\url{http://factom.org/}}
}

@article{fischer1985impossibility,
  title={{Impossibility of distributed consensus with one faulty process}},
  author={Fischer, Michael J and Lynch, Nancy A and Paterson, Michael S},
  journal={Journal of the ACM (JACM)},
  volume={32},
  number={2},
  pages={374--382},
  year={1985},
  month={April},
  publisher={ACM},
  note = {\url{https://groups.csail.mit.edu/tds/papers/Lynch/jacm85.pdf}}
}

@misc{galt2014supernet,
  title = {{JL777’s vision of the Supernet}},
  howpublished = {\url{https://bitcoinmagazine.com/18167/what-is-the-supernet-jl777s-vision/}},
  author = {Galt, J.S.},
  month = {November},
  year = {2014}
}

@incollection{garay2015bitcoin,
  title={The bitcoin backbone protocol: Analysis and applications},
  author={Garay, Juan and Kiayias, Aggelos and Leonardos, Nikos},
  booktitle={Advances in Cryptology-EUROCRYPT 2015},
  pages={281--310},
  year={2015},
  publisher={Springer}
}

@misc{gault2015cia_secret,
  title = {{The CIA Secret to Cybersecurity that No One Seems to Get}},
  howpublished = {\url{http://www.wired.com/2015/12/the-cia-secret-to-cybersecurity-that-no-one-seems-to-get}},
  author = {Gault, M.},
  month = {December},
  year = {2015}
}

@misc{rethinkdb_github,
  title = {{rethinkdb/rethinkdb}},
  howpublished = {\url{https://github.com/rethinkdb/rethinkdb}},
  author = {GitHub},
}

@inproceedings{grigg2004ricardian,
  title={{The Ricardian Contract}},
  author={Grigg, Ian},
  note = {\url{http://iang.org/papers/ricardian_contract.html}},
  booktitle={Electronic Contracting, 2004. Proceedings. First IEEE International Workshop on},
  pages={25--31},
  year={2004},
  organization={IEEE}
}

@inproceedings{hanson1993consensus,
  title={{Information Prizes – Patronizing Basic Research, Finding Consensus}},
  author={Hanson, Robin},
  note = {\url{http://mason.gmu.edu/~rhanson/ideafutures.html}},
  booktitle={Western Economics Association meeting, Lake Tahoe},
  month={June},
  year={2013}
}

@misc{hbase,
  title = {{Apache HBase}},
  howpublished = {\url{https://hbase.apache.org}},
}

@article{davis2015hacking,
  title={{Hacking of Government Computers Exposed 21.5 Million People}},
  author={Davis, J. Hirschfeld},
  note = {\url{http://www.nytimes.com/2015/07/10/us/office-of-personnel-management-hackers-got-data-of-millions.html}},
  journal={The New York Times},
  year={2015},
  month={July}
}

@incollection{hopkins1987evolution,
  title={{The Evolution of Fault Tolerant Computing at the Charles Stark Draper Laboratory 1955--85}},
  author={Hopkins Jr, Albert L and Lala, Jaynarayan H and Smith III, T Basil},
  booktitle={The Evolution of fault-tolerant computing},
  pages={121--140},
  year={1987},
  publisher={Springer},
  doi={doi:10.1007/978-3-7091-8871-2_6}
}

@misc{icann2014dnssec,
  title = {{DNSSEC – What Is It and Why Is It Important?}},
  howpublished = {\url{https://www.icann.org/resources/pages/dnssec-qaa-2014-01-29-en}},
  author = {ICANN},
  month = {January},
  year = {2014}
}

@techreport{I-D.irtf-cfrg-eddsa,
  author = {Simon Josefsson and Ilari Liusvaara},
  title = {Edwards-curve Digital Signature Algorithm (EdDSA)},
  howpublished = {Working Draft},
  type = {Internet-Draft},
  number = {draft-irtf-cfrg-eddsa-05},
  year = {2016},
  month = {March},
  institution = {IETF Secretariat},
  url = {http://www.ietf.org/internet-drafts/draft-irtf-cfrg-eddsa-05.txt},
  note = {\url{http://www.ietf.org/internet-drafts/draft-irtf-cfrg-eddsa-05.txt}},
}

@misc{ipdb_foundation_website,
  title = {{IPDB Foundation}},
  howpublished = {\url{https://ipdb.foundation/}}
}

@misc{ipfs,
  title = {{IPFS – Content Addressed, Versioned, P2P File System}},
  howpublished = {\url{http://static.benet.ai/t/ipfs.pdf}},
  author = {J. Benet},
  year = {2014},
}

@misc{kalantzis_netflix,
  title = {{Revisiting 1 Million Writes per second}},
  howpublished = {\url{http://techblog.netflix.com/2014/07/revisiting-1-million-writes-per-second.html}},
  author = {Kalantzis, C.}
}

@misc{kim2014safety,
  title={{Safety, liveness and fault tolerance — the consensus choices}},
  author={Kim, J.},
  howpublished = {\url{https://www.stellar.org/blog/safety_liveness_and_fault_tolerance_consensus_choice/}},
  month={December},
  year={2014}
}

@misc{kim2014stellar,
  title={{Stellar Consensus Protocol: Proof and Code}},
  author={Kim, J.},
  howpublished = {\url{https://www.stellar.org/blog/stellar-consensus-protocol-proof-code/}},
  month={April},
  year={2015}
}

@misc{koshy2014revolution,
  title={{Bitcoin and the Byzantine Generals Problem -- a Crusade is needed? A Revolution?}},
  author={Koshy, P.},
  howpublished = {\url{http://financialcryptography.com/mt/archives/001522.html}},
  month={November},
  year={2014},
  publisher={Financial Cryptography (blog)}
}

@misc{kwon2014tendermint,
  title={{Tendermint: Consensus without Mining}},
  author={Kwon, J.},
  howpublished = {\url{http://tendermint.com/docs/tendermint.pdf}},
  month={fall},
  year={2014},
  publisher={Draft v.0.6}
}

@misc{lamport_writings,
  title={{My Writings}},
  author={Lamport, Leslie},
  howpublished = {\url{http://research.microsoft.com/en-us/um/people/lamport/pubs/pubs.html}},
  publisher={Microsoft Research}
}

@article{lamport1982byzantine,
  title={{The Byzantine Generals Problem}},
  author={Lamport, Leslie and Shostak, Robert and Pease, Marshall},
  note = {\url{http://research.microsoft.com/en-us/um/people/lamport/pubs/byz.pdf}},
  journal={ACM Transactions on Programming Languages and Systems (TOPLAS)},
  volume={4},
  number={3},
  pages={382--401},
  month={July},
  year={1982},
  publisher={ACM}
}

@article{lamport1998part,
  title={The part-time parliament},
  author={Lamport, Leslie},
  journal={ACM Transactions on Computer Systems (TOCS)},
  volume={16},
  number={2},
  pages={133--169},
  year={1998},
  publisher={ACM},
  note={\url{http://research.microsoft.com/en-us/um/people/lamport/pubs/lamport-paxos.pdf}}
}

@article{lamport2006fast,
  title={{Fast Paxos}},
  author={Lamport, Leslie},
  note = {\url{http://research.microsoft.com/pubs/64624/tr-2005-112.pdf}},
  journal={Distributed Computing},
  volume={19},
  number={2},
  pages={79--103},
  year={2006},
  publisher={Springer}
}

@incollection{lamport2011byzantizing,
  title={Byzantizing Paxos by refinement},
  author={Lamport, Leslie},
  booktitle={Distributed Computing},
  pages={211--224},
  year={2011},
  publisher={Springer},
  note={\url{http://research.microsoft.com/en-us/um/people/lamport/tla/byzsimple.pdf}}
}

@article{luuscp,
  title={SCP: A Computationally-Scalable Byzantine Consensus Protocol For Blockchains},
  author={Luu, Loi and Narayanan, Viswesh and Baweja, Kunal and Zheng, Chaodong and Gilbert, Seth and Saxena, Prateek},
  year={2015}
}

@misc{maxwell2015capacity,
  title={{Capacity increases for the Bitcoin system}},
  author={Maxwell, G.},
  howpublished = {\url{https://lists.linuxfoundation.org/pipermail/bitcoin-dev/2015-December/011865.html}},
  publisher={Microsoft Research},
  month={December},
  year={2015}
}

@misc{mazieres2015stellar,
  title={{The Stellar Consensus Protocol: A Federated Model for Internet-Level Consensus}},
  author={Mazieres, D.},
  howpublished = {\url{https://www.stellar.org/papers/stellar-consensus-protocol.pdf}},
  publisher={Stellar},
  note={draft of Nov 17, 2015, retrieved Dec 30, 2015},
  month={December},
  year={2015}
}

@misc{mcconaghy2014blockchain,
  title={{Blockchain, Throughput, and Big Data}},
  author={McConaghy, Trent},
  howpublished = {\url{http://trent.st/content/2014-10-28%20mcconaghy%20-%20blockchain%20big%20data.pdf}},
  note={Berlin, Germany},
  month={October},
  year={2014}
}

@misc{monax,
  title = {Monax},
  howpublished = {\url{https://monax.io}}
}

@misc{monegro2014blockchain_stack,
  title={{The Blockchain Application Stack}},
  author={Monegro, J.},
  howpublished = {\url{http://joel.mn/post/103546215249/the-blockchain-application-stack}},
  note={Joel Monegro Blog},
  month={November},
  year={2014}
}

@misc{mongodb,
  title={{MongoDB}},
  howpublished = {\url{https://www.mongodb.com}}
}

@misc{nakamoto2009bitcoin,
  title={{Bitcoin: A Peer-to-Peer Electronic Cash System}},
  author={Nakamoto, Satoshi},
  howpublished = {\url{https://bitcoin.org/bitcoin.pdf}},
  year={2009}
}

@misc{nosql,
  title={{NoSQL: Your Ultimate Guide to the Non-Relational Universe}},
  author={NoSQL Database},
  howpublished = {\url{http://www.nosql-database.org}}
}

@misc{ojeda2014target_hack,
  title={{Target hack: how did they do it?}},
  author={Ojeda-Zapata, J.},
  howpublished = {\url{http://www.mercurynews.com/business/ci_24765398/how-did-hackers-pull-off-target-data-heist}},
  publisher={San Jose Mercury News},
  month={December},
  year={2014}
}

@inproceedings{ongaro2014raft,
  title={{In Search of an Understandable Consensus Algorithm}},
  author={Ongaro, Diego and Ousterhout, John},
  note = {\url{https://ramcloud.stanford.edu/raft.pdf}},
  booktitle={2014 USENIX Annual Technical Conference (USENIX ATC 14)},
  pages={305--319},
  year={2014}
}

@book{ozsu2011principles,
  title={{Principles of Distributed Database Systems, 3rd Edition}},
  author={{\"O}zsu, M Tamer and Valduriez, Patrick},
  year={2011},
  publisher={Springer Science \& Business Media}
}

@inproceedings{paulitsch2005coverage,
  title={{Coverage and the Use of Cyclic Redundancy Codes in Ultra-Dependable System}},
  author={Paulitsch, Michael and Morris, Jennifer and Hall, Brendan and Driscoll, Kevin and Latronico, Elizabeth and Koopman, Philip},
  booktitle={Dependable Systems and Networks, 2005. DSN 2005. Proceedings. International Conference on},
  pages={346--355},
  year={2005},
  organization={IEEE},
  doi={doi:10.1109/DSN.2005.31}
}

@article{pease1980reaching,
  title={Reaching agreement in the presence of faults},
  author={Pease, Marshall and Shostak, Robert and Lamport, Leslie},
  note = {\url{http://research.microsoft.com/en-US/um/people/Lamport/pubs/reaching.pdf}},
  journal={Journal of the ACM (JACM)},
  volume={27},
  number={2},
  pages={228--234},
  month={April},
  year={1980},
  publisher={ACM}
}

@misc{peercoin,
  title={{Peercoin}},
  author={Wikipedia},
  howpublished = {\url{http://en.wikipedia.org/wiki/Peercoin}},
}

@misc{popper2016bitcoin_crisis,
  title={{A Bitcoin Believer’s Crisis of Faith}},
  author={Popper, N.},
  howpublished = {\url{http://www.nytimes.com/2016/01/17/business/dealbook/the-bitcoin-believer-who-gave-up.html?_r=0}},
  publisher={The New York Times},
  month={January},
  year={2016}
}

@misc{redis,
  title={{Redis}},
  howpublished = {\url{https://www.redis.io}}
}

@misc{rethinkdb,
  title={{RethinkDB}},
  howpublished = {\url{https://www.rethinkdb.com}}
}

@misc{rethinkdb_changefeeds,
  title={{RethinkDB Changefeeds}},
  howpublished = {\url{https://rethinkdb.com/docs/changefeeds}}
}

@misc{rethinkdb_consistency,
  title={{RethinkDB Consistency Guarantees}},
  howpublished = {\url{https://rethinkdb.com/docs/consistency/}}
}

@misc{rethinkdb_faq,
  title={{RethinkDB Frequently Asked Questions}},
  howpublished = {\url{https://www.rethinkdb.com/faq/}}
}

@techreport{RFC7159,
  author = {T. Bray},
  title = {The JavaScript Object Notation (JSON) Data Interchange Format},
  howpublished = {Internet Requests for Comments},
  type = {RFC},
  number = {7159},
  year = {2014},
  month = {March},
  issn = {2070-1721},
  publisher = {RFC Editor},
  institution = {RFC Editor},
  url = {http://www.rfc-editor.org/rfc/rfc7159.txt},
  note = {\url{http://www.rfc-editor.org/rfc/rfc7159.txt}},
}

@misc{riak,
  title={{Riak}},
  author={Basho},
  howpublished = {\url{https://docs.basho.com/riak}}
}

@misc{robinson2009paxos,
  title={{Consensus Protocols: Paxos}},
  author={Robinson, H.},
  howpublished = {\url{http://the-paper-trail.org/blog/consensus-protocols-paxos/}},
  publisher={The Paper Trail},
  month={February},
  year={2009}
}


@misc{sethy2015india_scam,
  title={{The mystery of India’s deadly exam scam}},
  author={Sethy, A.},
  howpublished = {\url{http://www.theguardian.com/world/2015/dec/17/the-mystery-of-indias-deadly-exam-scam}},
  publisher={The Guardian},
  month={December},
  year={2015}
}

@misc{schwartz2001badboy,
  title={{Internet ‘Bad Boy’ Takes on a New Challenge}},
  author={Schwartz, J.},
  howpublished = {\url{http://www.nytimes.com/2001/04/23/business/technology-Internet-bad-boy-takes-on-a-new-challenge.html}},
  publisher={The New York Times},
  month={April},
  year={2001}
}

@misc{sourabh2014email,
  title={{How Much Email Do We Use Daily? 182.9 Billion Emails Sent/Received Per Day Worldwide}},
  author={Sourabh},
  howpublished = {\url{http://sourcedigit.com/update_from_comments}},
  publisher={SourceDigit},
  month={February},
  year={2014}
}

% http://variety.com/2014/digital/news/netflix-streaming-eats-up-35-of-downstream-Internet-bandwidth-usage-study-1201360914/

@misc{spangler2014netflix,
  title={{Netflix Streaming Eats Up 35% of Downstream Internet Traffic: Study}},
  author={Spangler, T.},
  howpublished = {\url{www.bit.ly/update_from_comments}}
  publisher={Variety},
  month={November},
  year={2014}
}

%  howpublished = {\url{http://variety.com/2014/digital/news/netflix-streaming-eats-up-35-of-downstream-Internet-bandwidth-usage-study-1201360914/}},


@misc{suarez2010freedomtm,
  title={{Freedom (TM)}},
  author={Suarez, D.},
  howpublished = {\url{http://www.amazon.com/Freedom-TM-Daniel-Suarez/dp/0525951571}},
  publisher={Dutton Adult},
  month={January},
  year={2010}
}

@book{swan2015blockchain,
  title={Blockchain: Blueprint for a New Economy},
  author={Swan, Melanie},
  note = {\url{http://shop.oreilly.com/product/0636920037040.do}},
  year={2015},
  publisher={" O'Reilly Media, Inc."}
}

@misc{tendermint,
  title={{Tendermint}},
  howpublished = {\url{http://www.tendermint.com}},
}

@misc{thomas2015interledger,
  title={{A Protocol for Interledger Payments}},
  author={Thomas, S. and Schwartz E.},
  howpublished = {\url{https://interledger.org/interledger.pdf}},
  year={2015}
}

@misc{toad2015toad,
  title={{Toad for Cloud Databases Community}},
  author={Toad World},
  howpublished = {\url{http://www.toadworld.com/products/toad-for-cloud-databases/w/wiki/308.survey-distributed-databases}},
  year={2015}
}

@misc{tradeblock,
  title={{Recent Blocks}},
  author={Tradeblock},
  howpublished = {\url{https://tradeblock.com/bitcoin/}}
}

@misc{trillo2013visa,
  title={{Stress Test Prepares VisaNet for the Most Wonderful Time of the Year}},
  author={Trillo, M.},
  howpublished = {\url{http://www.visa.com/update_from_comments}},
  month={October},
  year={2013},
  publisher={Visa Viewpoints}
}

%  howpublished = {\url{http://www.visa.com/blogarchives/us/2013/10/10/stress-test-prepares-visanet-for-the-most-wonderful-time-of-the-year/index.html}},


@misc{wagner2014blockchain_bloat,
  title={{Ensuring Network Scalability: How to Fight Blockchain Bloat}},
  author={Wagner, A.},
  howpublished = {\url{https://bitcoinmagazine.com/articles/update_from_comments}},
  month={November},
  year={2014},
  publisher={Bitcoin Magazine}
}

% howpublished = {\url{https://bitcoinmagazine.com/articles/how-to-ensure-network-scalibility-fighting-blockchain-bloat-1415304056}},


@misc{wuille_segregated_witness,
  title={{Segregated witness and its impact on scalability}},
  author={Wuille, P.},
  howpublished = {\url{http://diyhpl.us/wiki/transcripts/scalingbitcoin/hong-kong/segregated-witness-and-its-impact-on-scalability/}},
  notes={Hong Kong},
  publisher={Scaling Bitcoin Workshop}
}

@misc{wiki_acid,
  title={{ACID}},
  author={Wikipedia},
  howpublished = {\url{https://en.wikipedia.org/wiki/ACID}}
}

@misc{wiki_cap,
  title={{CAP Theorem}},
  author={Wikipedia},
  howpublished = {\url{https://en.wikipedia.org/wiki/CAP_theorem}}
}

@misc{wiki_byzantine,
  title={{Byzantine fault tolerance}},
  author={Wikipedia},
  howpublished = {\url{https://en.wikipedia.org/wiki/Byzantine_fault_tolerance}}
}

@misc{wiki_paxos,
  title={{Paxos (Computer Science)}},
  author={Wikipedia},
  howpublished = {\url{http://en.wikipedia.org/wiki/Paxos_(computer_science)}}
}

@misc{wiki_raid,
  title={{RAID}},
  author={Wikipedia},
  howpublished = {\url{http://en.wikipedia.org/wiki/RAID}}
}

@misc{wikidata,
  author={WikiData},
  howpublished = {\url{https://www.wikidata.org}}
}

@misc{zamfir2015casper,
  title={{Introducing Casper ‘the Friendly Ghost’}},
  author={Zamfir, V.},
  howpublished = {\url{https://blog.ethereum.org/2015/08/01/introducing-casper-friendly-ghost/}},
  month={August},
  year={2015},
  publisher={Ethereum Blog}
}

@article{zyskind2015enigma,
  title={{Enigma: Decentralized Computation Platform with Guaranteed Privacy}},
  author={Zyskind, Guy and Nathan, Oz and Pentland, Alex},
  note = {\url{http://enigma.media.mit.edu/enigma_full.pdf}},
  publisher={MIT},
  year={2015}
}
@article{1,
	author = "MIT Technology Review and Vigilant",
	day = "7",
	journal = "MIT Technology Review",
	month = oct,
	title = "{Navigating Planet Ad Tech: A Guide for Marketers}",
	url = "https://www.technologyreview.com/s/519991/navigating-planet-ad-tech/",
	year = "2013"
}

@book{2,
	author = "T. H.; Beck J. C. Davenport",
	isbn = "978-1578514410",
	publisher = "Harvard Business School Press",
	title = "{The Attention Economy: Understanding the New Currency of Business}",
	year = "2001"
}

@misc{3,
	author = "Wikipedia",
	note = "[Online; accessed 22-January-2017]",
	title = "{AIDA (marketing)}",
	url = "https://en.wikipedia.org/wiki/AIDA_(marketing)",
	year = "2017"
}

@article{4,
	author = "Jack Neff",
	day = "29",
	journal = "Advertising Age",
	month = jan,
	title = "{P\&{G} Tells Digital to Clean Up, Lays Down New Rules for Agencies and Ad Tech to Get Paid}",
	url = "http://adage.com/article/media/p-g-s-pritchard-calls-digital-grow-up-new-rules/307742/",
	year = "2017"
}

@article{5,
	author = "Paul Sholtz",
	journal = "First Monday",
	month = may,
	number = "5",
	title = "{Transaction Costs and the Social Costs of Online Privacy}",
	url = "http://firstmonday.org/issues/issue6_5/sholtz/index.html",
	volume = "6",
	year = "2001"
}

@article{6,
	author = "Lee Rainie",
	journal = "Pew Research Center FactTank",
	month = sep,
	title = "{The state of privacy in post-Snowden America}",
	url = "http://www.pewresearch.org/fact-tank/2016/09/21/the-state-of-privacy-in-america/",
	year = "2016"
}

@misc{7,
	author = "Margaret Boland",
	journal = "Business Insider",
	note = "[Online; accessed 22-January-2017]",
	title = "{Cyber criminals are stealing billions from the ad industry each year}",
	url = "http://www.businessinsider.com/the-ad-fraud-report-bot-traffic-2016-3",
	year = "2016"
}

@article{8,
	author = "Hillary Tuttle",
	day = "4",
	journal = "Risk Management Monitor",
	month = aug,
	title = "{The Rise of Malvertising}",
	url = "http://www.riskmanagementmonitor.com/the-rise-of-malvertising/",
	year = "2015"
}

@article{9,
	author = "Rob Leathern",
	day = "4",
	journal = "Medium",
	month = oct,
	title = "{Carriers are Making More From Mobile Ads than Publishers Are}",
	url = "https://medium.com/@robleathern/carriers-are-making-more-from-mobile-ads-than-publishers-are-d5d3c0827b39\#.aiw3hs4ls",
	year = "2015"
}

@misc{10,
	author = "eMarketer",
	month = jun,
	note = "[Online; accessed 22-January-2017]",
	title = "{US Ad Blocking to Jump by Double Digits This Year}",
	url = "https://www.emarketer.com/Article/US-Ad-Blocking-Jump-by-Double-Digits-This-Year/1014111",
	year = "2016"
}

@techreport{11,
	author = "Interactive Advertising Bureau",
	title = "{Ad Blocking: Who Blocks Ads, Why and How to Win Them Back}",
	url = "http://www.iab.com/wp-content/uploads/2016/07/IAB-Ad-Blocking-2016-Who-Blocks-Ads-Why-and-How-to-Win-Them-Back.pdf",
	year = "2016",
        institution="{Interactive Advertising Bureau}"

}

@article{12,
	author = "Mathew Ingram",
	day = "4",
	journal = "Fortune",
	month = jan,
	title = "{How Google and Facebook Have Taken Over the Digital Ad Industry}",
	url = "http://fortune.com/2017/01/04/google-facebook-ad-industry/",
	year = "2017"
}

@article{13,
	author = "S. Myers R. Pass {S. Hohenberger} and A. Shelat",
	journal = "IEEE Security and Privacy",
	number = "2",
	pages = "22--29",
	title = "{An Overview of ANONIZE: A Large-Scale Anonymous Survey System}",
	volume = "13",
	year = "2015"
}

@article{14,
	author = "Abhi Shelat {Rafael Pass}",
	isbn = "978-1-4503-3832-5",
	journal = "CCS '15: Proceedings of the 22Nd ACM SIGSAC Conference on Computer and Communications Security",
	location = "Denver, Colorado, USA",
	pages = "207--218",
	publisher = "ACM",
	title = "{Micropayments for Decentralized Currencies}",
	year = "2015"
}

@article{15,
	author = "Matthew D. Green Jingcheng Liu Ian Miers Peihan Miao Pratyush Mishra {Alessandro Chiesa}",
	journal = "EUROCRYPT 2017 (36th International Conference on the Theory and Applications of Cryptographic Techniques)",
        year= "2017",
	title = "{Decentralized Anonymous Micropayments}"
}

@article{16,
	author = "Ian Miers {Matthew Green}",
	journal = "IACR Cryptology ePrint Archive 2016",
	title = "{Bolt: Anonymous Payment Channels for Decentralized Currencies}",
	year = "2016"
}

@article{17,
	author = "Jens Groth",
	journal = "Proceedings of the16th International Conference on the Theory and Application of Cryptology and Information Security,ASIACRYPT {\rq}10",
	pages = "321--340",
	title = "{Short pairing-based non-interactive zero-knowledge arguments}",
	year = "2010"
}

@article{18,
	author = "Iddo Ben-Tov Alessandro Chiesa Ariel Gabizon Daniel Genkin Matan Hamilis Evgenya Pergament Michael Riabzev Mark Silberstein Eran Tromer Eli Ben-Sasson and Madars Virza",
	journal = "EUROCRYPT 2017 (36th International Conference on the Theory and Applications of Cryptographic Techniques)",
	title = "{Computational integrity with a public random string from quasi-linear PCPs}",
	year = "2017"
}

@misc{19,
	author = "Reed Hundt",
	day = "12",
	month = feb,
	title = "{Statement of Reed Hundt, Chairman of the Federal Communications Commission on Spectrum Policy Management before the Subcommittee on Telecommunications, Trade and user Protection, Committee on Commerce, U.S. House of Representatives}",
	url = "https://transition.fcc.gov/Speeches/Hundt/spreh743.html",
	year = "1997"
}

@article{20,
	author = "J. Callen V. Aivazian",
	issue = "1",
	journal = "Journal of Law and Economics",
	pages = "175--181",
	title = "{The Coase Theorem and the Empty Core}",
	volume = "24",
	year = "1981"
}

@techreport{22,
	author = "Wilko Bolt and Maarten van Oordt",
	day = "20",
	institution = "Bank of Canada",
	month = apr,
	number = "Working Paper No. 2016-42",
	title = "{On the Value of Virtual Currencies}",
	year = "2016"
}

@techreport{SocMed,
      title="{Social, Search and Direct: Pathways to Digital News}",
      institution="{Pew Research Center}",
      month=mar,
      day="13",
      year="2014",
      author="Amy Mitchell, Mark Jurkowitz and Kenneth Olmstead",
url="http://www.journalism.org/2014/03/13/social-search-direct/"
}


@techreport{DCN,
      title="{DCN’s Distributed Content Revenue Benchmark Report}",
      institution="{Digital Content Next}",
      month=jan,
      day="25",
      year="2017",
      author="Digital Content Next Research Team",
url="https://digitalcontentnext.org/blog/2017/01/25/dcns-distributed-content-revenue-benchmark-report/"
}

@misc{WithoutValue,
	author = "YouExec",
	note = "[Online; accessed 22-January-2017]",
	title = "{Google \& Facebook ad traffic is 90\% useless}",
	url = "https://youexec.com/dev/2017/1/14/google-facebook-ads-traffic-is-useless",
	year = "2017",
        month = jan
}

@techreport{Gartner1,
      title="{Gartner CMO Spend Survey 2016-2017 Shows Marketing Budgets Continue to Climb}",
      institution="{Gartner Research}",
      month=dec,
      day="12",
      year="2016",
      author="Chris Pemberton",
url="https://www.gartner.com/smarterwithgartner/gartner-cmo-spend-survey-2016-2017-shows-marketing-budgets-continue-to-climb/"
}


@techreport{Econsul,
      title="{40\% of publishers describe their digital ad revenue as shrinking or static}",
      institution="{Econsultancy}",
      month=oct,
      day="7",
      year="2015",
      author="Jack Simpson",
url="https://econsultancy.com/blog/67028-40-of-publishers-describe-their-digital-ad-revenue-as-shrinking-or-static/"
}

@misc{PubClient,
     title="Github discussion of concave score",
     month=may,
     day="25",
     year="2016",
     author="Dimitri DeFigueiredo",
     url="https://github.com/brave/ledger/issues/2#issuecomment-221752002"
}
@unpublished{helfand2013,
    author = "Nora Helfand",
    title  = "Poly'a Urn and the Beta Bernoulli Process",
    year   = "2013"
}

@article{lamport1982,
    author  = "Leslie Lamport and Robert Shostak and Marshall Pease",
    title   = "The Byzantine Generals Problem",
    journal = "ACM Transactions on Programming Languages and Systems",
    year    = "1982",
    volume  = "4"
}

@article{pemantle1990,
    author  = "Robin Pemantle",
    title   = "A Time-Dependent Version of Polya's Urn",
    journal = "Journal of Theoretical Probability",
    year    = "1990",
    volume  = "3",
    pages   = "627 - 637"
}

@ONLINE {Snider,
    author = "Scott Snider",
    title  = "What is the average annual return for the S\&P 500?",
    url    = "https://www.investopedia.com/ask/answers/042415/what-average-annual-return-sp-500.asp"
}

@ONLINE {Buterin,
    author = "Vitalik Buterin and Virgil Griffith",
    title  = "Casper the Friendly Finality Gadget",
    year   = "2017",
    url    = "https://arxiv.org/pdf/1710.09437.pdf"
}

@ONLINE {buterin17,
    author = "Vitalik Buterin",
    title  = "Parametrizing Casper: the decentralization/finality time/overhead tradeoff",
    month  = "jan",
    year   = "2017",
    url    = "https://medium.com/@VitalikButerin/parametrizing-casper-the-decentralization-finality-time-overhead-tradeoff-3f2011672735"
}

@ONLINE {EthPoSFAQ,
    author = "EthereumFoundation",
    title = "Proof of Stake FAQ",
    year  = "2017",
    url   = "https://github.com/ethereum/wiki/wiki/Proof-of-Stake-FAQ"
}

@ONLINE {nakamoto2008,
    author = "Satoshi Nakamoto",
    title  = "Bitcoin: A Peer-to-Peer Electronic Cash System",
    year   = "2008",
    url    = "https://bitcoin.org/bitcoin.pdf"
}

@ARTICLE {sharpe1964,
    author  = "William F. Sharpe",
    title   = "Capital Asset Prices: A Theory of Market Equilibrium under Conditions of Risk",
    journal = "The Journal of Finance",
    year    = "1964",
    volume  = "19",
    number  = "3",
    pages   = "425 - 442",
    month   = "sep"
}

@ONLINE {BitcoinFAQ,
    author = "BTCCore",
    title = "Bitcoin FAQ",
    url   = "https://bitcoin.org/en/faq#what-are-the-advantages-of-bitcoin"
}

@ONLINE {Buterin2016,
    author = "Vitalik Buterin",
    title  = "A Proof of Stake Design Philosophy",
    year   = "2016",
    url    = "https://medium.com/@VitalikButerin/a-proof-of-stake-design-philosophy-506585978d51"
}

@ONLINE {Schmidheiny16,
    author = "Kurt Schmidheiny",
    title  = "Monte Carlo Experiments",
    year   = "2016",
    url    = "https://www.schmidheiny.name/teaching/montecarlo2up.pdf"
}

@ONLINE {Kwon2016,
    author  = "Jae Kwon, Ethan Buchman",
    title   = "Cosmos:  A Network of Distributed Ledgers",
    journal = "Cosmos Whitepaper",
    year    = "2016",
    url    = "https://cosmos.network/whitepaper"
}

@ONLINE {Blackwell1973,
    author  = "Blackwell, David",
    title   = "Ferguson distributions via Polya urn schemes",
    year    = "1973",
    url    = "https://projecteuclid.org/euclid.aos/1176342372"
}

@ONLINE {Pollyanna2014,
    author = "Pollyanna",
    title  = "Polya Urn",
    url    = "http://dornsife.usc.edu/assets/sites/406/docs/505b/polya.urn.pdf"
}

@ONLINE {Brewer,
    author = "Seth Gilbert and Nancy Lynch",
    title  = "Brewer’s Conjecture and the Feasibility of
Consistent, Available, Partition-Tolerant Web
Services",
    year = "2002",
    url    = "https://www.glassbeam.com/sites/all/themes/glassbeam/images/blog/10.1.1.67.6951.pdf"
}

@ONLINE {Bitcoin.org, 
    author = "Bitcoin",
    title = "Hard Fork, Hard-Forking Change",
    url = "https://bitcoin.org/en/glossary/hard-fork"
}
